@online{CBInsights_reasons,
  author = {CB Insights Research Portal},
  title = {The Top 20 Reasons Startups Fail},
  year = 2018,
  url = {https://www.cbinsights.com/research/startup-failure-reasons-top/},
  urldate = {2018-06-30}
}

@online{CBInsights_failure,
  author = {CB Insights Research Portal},
  title = {253 Startup Failure Post-Mortems},
  year = 2018,
  url = {https://www.cbinsights.com/research/startup-failure-post-mortem/},
  urldate = {2018-06-30}
}

@ARTICLE{Robinson2004, 
author={Robinson, J.W. and Randhawa, T.S.}, 
journal={{IEEE} Journal on Selected Areas in Communications}, 
title={Saturation throughput analysis of {IEEE} 802.11e enhanced distributed coordination function}, 
year={2004}, 
volume={22}, 
number={5}, 
pages={917-928}}

@INPROCEEDINGS{Mangold2003, 
author={Mangold, S. and Hiertz, G.R. and Walke, B.}, 
booktitle={Proceedings on 14th {IEEE} Personal, Indoor and Mobile Radio Communications}, 
title={{IEEE} 802.11e wireless LAN - resource sharing with contention based medium access}, 
year={2003}, 
volume={3}, 
pages={2019-2026}}

@ARTICLE{Kong2004, 
author={Zhen-Ning Kong and Tsang, D. H K and Bensaou, B. and Deyun Gao}, 
journal={{IEEE} Journal on Selected Areas in Communications}, 
title={Performance analysis of {IEEE} 802.11e contention-based channel access}, 
year={2004}, 
volume={22}, 
number={10}, 
pages={2095-2106}}

@INPROCEEDINGS{Engelstad2005, 
author={Engelstad, P.E. and Osterbo, O.N.}, 
booktitle={The {IEEE} Conference on Local Computer Networks}, 
title={Delay and Throughput Analysis of {IEEE} 802.11e EDCA with Starvation Prediction}, 
year={2005}, 
pages={647-655}}

@ARTICLE{Banchs2005, 
author={Banchs, A. and Vollero, L.}, 
journal={Communications Letters, {IEEE}}, 
title={A delay model for {IEEE} 802.11e EDCA}, 
year={2005}, 
volume={9}, 
number={6}, 
pages={508-510}}

@article{ieee-802.11-2012, 
key = {ieee},
journal={{{IEEE}} Std 802.11-2012 (Revision of {{IEEE}} Std 802.11-2007)},
title={IEEE Standard for Information technology-Telecommunications and information exchange between systems Local and metropolitan area networks-Specific requirements Part 11: Wireless LAN Medium Access Control (MAC) and Physical Layer (PHY) Specifications},
year={2012}, 
month={Feb}, 
pages={1-2793}}
